3146 5026
1216 427 1234 480 7

281 591 326 655 Vt
347 595 453 656 tamen
476 588 571 654 diacoi
592 592 653 656 hoc
683 591 753 656 loco
776 593 818 657 sit
840 594 992 675 ’diuers'i’,
1016 617 1160 675 quaenam
1182 595 1279 660 fuerit
1346 587 1349 594 ’

175 693 233 757 illa
255 716 366 776 regum
389 693 608 758 dissimilitudo
631 695 792 776 quaeritur.
836 695 1015 759 Menelaum
1036 696 1139 760 minus
1162 697 1277 760 sortem

179 819 273 876 quam
290 794 562 878 Agamemnonem
577 797 674 860 fuisse
690 801 804 878 putant
815 797 869 860 alii
881 796 901 860 ¹.
934 797 1054 861 Verum
1065 797 1193 878 Atridas
1206 821 1277 862 cum

178 896 355 980 Aeschylus
381 920 473 980 pares
500 898 684 962 fortitudine
707 897 767 979 (cfr
790 922 818 961 ν.
842 898 896 981 48)
919 899 1015 962 faciat
1025 897 1046 978 ²,
1070 901 1200 963 credunt
1222 900 1276 963 alii

177 999 301 1063 diversa
332 1005 441 1081 captos
472 1000 568 1064 fuisse
596 999 672 1064 belli
705 1000 875 1082 cupiditate
903 1005 983 1064 turn
1016 1023 1098 1064 cum
1126 1001 1275 1070 bellum

174 1102 299 1183 parab
308 1105 395 1166 atur
408 1099 429 1165 ³.
473 1101 579 1183 Atque
593 1099 866 1184 Agamemnonem
880 1103 977 1167 fuisse
989 1104 1160 1167 tardiorem
1171 1104 1274 1169 Knau-

175 1202 253 1268 sus4
275 1203 456 1281 arbitratur,
478 1202 657 1267 Menelaum
678 1203 801 1267 Hausoa
815 1202 836 1267 ⁵.
870 1203 1061 1268 Praeclaram
1076 1195 1151 1269 uero
1166 1211 1273 1270 vatum

176 1310 286 1382 artem,
319 1328 380 1387 qua
411 1327 461 1369 res
491 1310 558 1369 tam
587 1305 673 1369 nullo
700 1305 913 1370 similitudinis
942 1306 1067 1370 vinculo
1091 1308 1273 1372 coniunctas

176 1407 282 1470 divino
314 1407 446 1488 quodam
477 1407 628 1486 instinctu
651 1411 814 1471 conectere
836 1395 974 1490 possint!
1011 1407 1139 1472 Novum
1161 1409 1274 1474 saltem

94 1503 98 1506 ’
175 1509 298 1574 videtur
321 1510 381 1573 duo
403 1510 492 1592 paria
515 1510 667 1587 conferre,
683 1532 746 1574 non
762 1511 844 1591 quod
860 1509 915 1573 illa
929 1510 1012 1574 inter
1024 1532 1057 1574 se
1069 1510 1132 1574 sint
1147 1510 1272 1588 similia,

107 1637 111 1648 ⁴
149 1605 230 1675 'sed
253 1611 325 1692 quia
347 1615 514 1692 utrumque
536 1635 594 1693 par
615 1613 697 1676 inter
720 1634 752 1676 se
776 1611 920 1674 dissimili
942 1612 1064 1676 ratione
1077 1612 1182 1695 dispar
1195 1616 1244 1698 est
1250 1612 1271 1676 ⁶.

171 1712 307 1777 Accedit
329 1713 413 1794 quod
435 1713 548 1776 coloris
571 1713 649 1776 illud
672 1713 840 1776 discrimen
862 1713 922 1776 nisi
944 1717 1074 1795 propter
1096 1715 1271 1797 perspicui-

171 1818 273 1878 tatem
301 1815 489 1878 narrationis
518 1815 656 1878 adlatum
678 1836 741 1879 non
763 1813 896 1891 videtur,
919 1815 952 1877 in
975 1837 1044 1878 eam
1067 1820 1172 1879 autem
1193 1839 1270 1895 rem,
1346 1867 1350 1874 .

174 1939 268 1996 quam
296 1899 425 1979 maximi
453 1916 549 1980 fuisse
576 1916 727 1980 momenti
756 1920 897 1998 apparet,
920 1917 953 1979 in
974 1917 1116 1998 leporem
1138 1916 1202 1999 (vel
1223 1918 1292 1999 lep

174 2039 265 2100 peres
279 2015 303 2098 7)
327 2019 560 2096 comedendum,
584 2018 697 2100 aquilae
720 2040 848 2100 prorsus
872 2019 1105 2100 conspirabant.
1232 2098 1236 2106 Ι

274 2118 393 2194 Quibus
408 2119 542 2183 fortasse
558 2120 763 2184 consideratis
782 2119 902 2202 aliquot
914 2118 1070 2184 editores8
1085 2127 1272 2203 receperunt

172 2221 329 2286 Dmnonnn
352 2223 564 2286 coniecturam
587 2223 718 2307 λήμασιν
740 2219 824 2291 locor
847 2222 917 2286 coll.
942 2246 970 2286 ν.
995 2223 1064 2285 112.
1102 2221 1164 2286 Sed
1180 2224 1270 2288 valde

171 2324 378 2388 dubitandum
401 2328 458 2402 est,
482 2347 522 2389 an
542 2329 646 2406 poetae
661 2323 775 2406 tragici
791 2321 856 2393 ἴοος
866 2324 972 2405 priore
984 2324 1106 2406 syllaba
1117 2326 1270 2406 producta

170 2450 331 2508 nunquam
364 2425 616 2508 usurpaverintl.
665 2425 825 2489 Praeterea
857 2448 921 2490 non
953 2425 1054 2508 magis
1089 2427 1269 2490 conferendi

171 2553 243 2594 cum
272 2515 388 2611 aquilis
413 2527 533 2592 Atridae
556 2532 637 2604 sunt,
666 2527 739 2608 quia
760 2528 843 2590 iuter
865 2550 898 2591 se
922 2528 1076 2592 similes
1104 2533 1185 2606 suut,
1208 2529 1269 2593 nisi

170 2631 268 2695 etiam
289 2630 463 2712 aquilarum
487 2633 559 2693 sunt
582 2629 709 2708 similes,
753 2629 824 2692 Hoc
839 2651 913 2693 vero
930 2630 1006 2694 dicit
1019 2634 1123 2714 poeta,
1137 2630 1267 2695 simodo

171 2734 325 2817 μαχίμους
346 2732 561 2814 praedieatum,
586 2732 668 2813 quod
691 2731 807 2808 dicunt,
830 2754 893 2796 non
917 2731 1105 2796 attributum
1127 2755 1195 2797 esse
1218 2733 1267 2796 in-

164 2926 221 2971 sius
246 2925 354 2971 somniis
377 2938 426 2970 non
446 2924 495 2983 agi,
514 2917 608 2971 διοοῶν
631 2924 718 2968 autem
743 2923 925 2982 explicandum
945 2918 1099 2990 ἀμφιβόλων
1116 2923 1268 2970 Eauann'r-

171 3010 295 3056 Gnnrfla
315 3010 340 3055 in
358 3009 420 3056 Lex.
439 3009 517 3068 Soph.
537 3007 570 3067 (p.
592 3007 648 3063 175)
667 3011 737 3055 recte
756 3010 844 3053 monet
862 3006 910 3064 (cir
922 3007 1032 3067 Electra,
1045 3009 1267 3055 Scrinnlnuwln·

169 3089 287 3142 Naucn⁸
305 3109 329 3154 p.
350 3094 399 3150 9⁰).
677 3091 682 3102 ’

275 3176 282 3206 ¹
301 3179 458 3239 Erasmus,
477 3180 583 3238 Panna,
601 3179 760 3226 chnnmn
780 3177 1094 3236 (Werschiedsnheit
1116 3179 1170 3226 des
1189 3180 1267 3226 Cha-

168 3265 310 3311 rakters“
330 3266 346 3311 l.
365 3264 400 3320 ll.
859 3271 862 3277 '

273 3343 283 3374 ²
301 3349 345 3395 Gir
364 3349 441 3395 etiam
459 3351 565 3396 Homeri
583 3345 654 3418 δουρὶ
672 3345 783 3409 κλειτὸς,
803 3345 955 3418 &palatina
975 3345 1071 3418 ἀρήιος
1086 3345 1231 3411 Μενέλαος.

273 3427 283 3459 ³
300 3434 365 3480 Nam
389 3435 468 3480 ducos
487 3437 550 3495 tum,
576 3449 634 3481 cum
653 3435 678 3480 in
697 3436 794 3481 bellum
813 3435 1051 3496 proficiscebantur,
1074 3436 1141 3483 inter
1159 3452 1186 3484 se
1205 3452 1265 3484 con·

168 3519 283 3566 sensisse
302 3519 445 3576 Aeschylus
463 3520 541 3579 paulo
560 3523 619 3566 anto
640 3519 672 3576 [v.
693 3521 750 3577 112)
770 3521 840 3566 dixit.

271 3598 324 3664 ⁴p.
347 3605 401 3650 113.

271 3682 324 3748 ⁵p.
345 3690 400 3736 185.

270 3768 281 3798 ⁶
298 3775 416 3820 Aeneas
441 3773 474 3833 (p.
494 3774 551 3831 275)
575 3769 620 3824 aa
639 3788 698 3821 cum
721 3776 890 3824 Annascmo
909 3779 941 3823 ad
960 3773 1064 3845 λήμασι
1086 3777 1167 3822 relato
1185 3777 1263 3821 inter·

167 3861 296 3918 pretatur:
325 3873 380 3903 cuia
405 3860 497 3905 videret
522 3861 593 3906 binos
612 3855 735 3920 (δισσούς)
755 3864 863 3908 Atridas
890 3865 1016 3908 diuersam
1034 3863 1142 3907 bellandi
1160 3845 1264 3908 causum

158 3945 266 4000 diabole,
285 3957 340 4003 quae
359 3946 492 3992 conversio
510 3948 679 4004 grammatica
698 3961 800 4006 quoque
819 3949 970 3996 difficultate
988 3948 1096 3994 laborat.

271 4015 515 4076 'ussermann
535 4045 560 4090 p.
581 4033 620 4078 12.

270 4106 384 4174 ⁸Wa1n‚
402 4115 512 4176 Erana,
531 4117 747 4163 scansionum.

270 4191 281 4224 ⁹
298 4198 360 4244 Vide
372 4199 416 4245 Ae.
431 4199 522 4262 fragm.
543 4201 590 4245 216
611 4193 635 4248 εἴ
654 4216 697 4267 μοι
715 4198 813 4268 γένοιτο
832 4206 916 4269 φᾶρος
932 4195 989 4251 ἴσον
1002 4198 1027 4251 ἐν
1040 4198 1140 4273 οὐρανῷ
1153 4207 1199 4253 ubi
1211 4220 1261 4253 non

155 4281 231 4356 ‘nulli
250 4282 363 4329 seribere
382 4284 471 4329 volunt
490 4273 545 4332 ἶσον
564 4279 626 4352 adp„
646 4285 779 4332 Draconi*
798 4286 854 4345 ipse
874 4287 983 4333 coniecit
1001 4277 1054 4336 οἷον
1072 4285 1126 4359 obp.
