3146 5026
536 1325 558 1398 Ἃ
580 1351 877 1423 Panaima
927 1363 930 1375 ·

183 1535 279 1643 Ante
313 1577 372 1642 hos
405 1599 519 1643 novem
552 1601 649 1642 annos
682 1579 853 1642 identidem
886 1568 1025 1644 versanti
1057 1578 1135 1642 mihi
1168 1578 1201 1640 in
1230 1576 1279 1641 fa·
1308 1613 1309 1616 κ

181 1697 264 1761 bulis
293 1695 479 1778 Aeschyleis
510 1697 699 1776 lectitandis,
728 1698 886 1780 praecipue
908 1696 1156 1780 Agamemnone,
1186 1719 1280 1778 quam

182 1816 308 1897 quidem
337 1815 487 1895 suethicis
516 1816 658 1880 versibus
682 1839 863 1898 expressam
885 1839 984 1900 nuper
1006 1817 1091 1881 foras
1114 1816 1194 1894 dedi,
1217 1838 1281 1882 non

60 1951 64 1960 '
90 1941 91 1944 ’
183 1935 319 1999 alienum
341 1935 452 2000 ,visum
484 1940 540 2012 est,
575 1958 646 1999 cum
676 1936 847 2000 necessitas
877 1936 954 2000 mihi
983 1935 1291 2001 commentationem.

185 2054 392 2118 academicam
414 2053 572 2119 scribendi
593 2054 731 2137 inposita
753 2059 845 2133 esset,
861 2055 922 2118 hoc
937 2055 1278 2144 potissimum‘summae

184 2174 259 2237 artis
278 2178 375 2256 atque
403 2174 499 2238 etiam
521 2191 661 2238 summae
680 2175 875 2240 difficultatis
899 2173 1081 2240 Graecarum
1102 2173 1280 2238 litterarum
1338 2197 1346 2212 ·

180 2299 419 2386 monumentum
441 2294 566 2376 eligere,
590 2299 625 2359 ut
648 2295 722 2375 quid
744 2295 777 2359 in
791 2295 945 2377 scriptore
961 2293 1072 2359 Graeco
1088 2293 1278 2357 recensendo

182 2417 277 2495 atque
299 2414 536 2498 interpretando
560 2414 685 2478 efficere
707 2436 834 2496 possem
850 2415 1056 2478 ostenderem.

164 2541 167 2544 ’
223 2531 228 2540 ’
282 2531 468 2615 Quanquam
488 2534 522 2598 id
543 2535 789 2618 inopportunum
812 2539 888 2613 erat,
916 2535 1008 2616 quod,
1032 2533 1181 2615 quoniam
1203 2533 1277 2596 doc-

178 2650 294 2714 tissimi
317 2657 349 2716 et
370 2653 616 2734 ingeniosissimi
638 2653 809 2718 multorum
838 2654 1025 2718 saeculorum
1053 2653 1113 2718 viri
1135 2653 1168 2716 in
1189 2650 1277 2734 Aga-

179 2791 380 2834 memnonem
396 2771 613 2853 explicandam
630 2777 661 2836 et
678 2773 904 2836 emendandam
919 2794 1047 2856 operam
1062 2771 1152 2835 enixe
1166 2775 1291 2854 contu-¹

45 2937 47 2944 .
82 2887 88 2894 ’
178 2887 293 2968 lerunt,
324 2890 385 2954 nisi
415 2913 465 2954 res
496 2891 626 2955 minoris
658 2892 753 2974 pretii
782 2892 833 2956 vel
864 2892 1065 2956 difficillimas
1097 2913 1197 2972 neque
1219 2912 1277 2972 pro

180 3009 258 3072 meis
282 3009 410 3074 viribus
424 3011 477 3074 vix
499 3032 567 3075 esse
589 3010 716 3075 relictas
738 2997 972 3094 intellegebam.
1054 3049 1059 3062 ·

187 3169 191 3174 -
222 3146 226 3154 ·
280 3127 390 3210 ltaque
413 3129 467 3201 ubi
489 3131 571 3194 forte
595 3151 655 3210 quo
679 3131 771 3194 mddo
799 3130 983 3194 vertendum
1005 3129 1055 3193 vel
1078 3128 1278 3199 scribendum
1339 3105 1345 3118 ι

180 3250 263 3310 esset
296 3247 396 3312 adhuc
431 3270 498 3312 esse
524 3249 715 3336 ambiguum
735 3247 896 3330 putabam,
920 3248 1034 3330 saepius
1056 3249 1089 3311 in
1112 3247 1276 3311 sententiis

179 3364 312 3430 aliorum
334 3367 568 3447 perscrutandis
591 3371 622 3431 et
644 3367 853 3450 ponderandis
875 3389 925 3430 me
948 3367 1146 3448 acquiescere
1159 3387 1275 3449 oppor-

178 3483 276 3563 tebat,
311 3484 435 3548 etiarnsi
468 3487 611 3567 quaedam
646 3487 683 3550 de
714 3508 784 3550 meo
807 3485 1003 3567 proponendi
1028 3507 1091 3549 non
1117 3507 1277 3566 nunquam

180 3607 263 3666 esset
286 3603 419 3667 occasio.
1194 3591 1195 3594 ¹

275 3722 370 3787 Haud
400 3723 509 3806 paucis
541 3722 666 3804 quidem
688 3713 765 3787 lo'cis
789 3723 932 3787 codicum
955 3723 1142 3804 scripturam
1156 3727 1285 3791 contra-

123 3881 126 3886 ·
177 3841 390 3906 temeritatem
412 3841 463 3906 vel
484 3841 692 3907 subtilitatem
722 3838 964 3905 novissimorum
987 3841 1143 3934 editorum
1165 3840 1274 3904 defen·

179 3962 252 4024 dere
283 3960 362 4026 mihi
390 3949 489 4025 licuit·
541 3959 686 4042 Namque
717 3961 777 4024 etsi
805 3960 946 4043 priorum
975 3963 1154 4042 temporum
1186 3959 1276 4040 quasi

177 4081 316 4162 pruritus
349 4081 527 4164 corrigendi
560 4080 611 4144 vel
641 4080 743 4144 dicam
772 4079 992 4161 corrumpendi
1022 4079 1085 4142 iam
1106 4078 1276 4142 maximam

177 4203 301 4279 partem
334 4199 465 4278 remisit,
498 4203 605 4263 tamen
637 4199 843 4264 multifariam
874 4198 940 4262 sine
972 4198 1054 4262 iusta
1083 4220 1177 4262 causa
1199 4197 1287 4260 vitia'
1325 4221 1332 4236 ·

177 4316 333 4381 scribendi
357 4319 537 4398 odorantur,
561 4318 650 4400 quasi
673 4322 708 4382 ut
728 4304 831 4400 poetae
854 4321 997 4382 veterum
1019 4317 1206 4382 insolentius
1225 4315 1276 4380 vel
