3146 5026
380 451 420 507 26

340 616 506 682 Simillime
528 613 604 700 ἡδὺς
626 616 795 698 opponitur
817 625 856 700 τῷ
879 619 1004 701 μομφὰς
1026 615 1125 700 ἔχοντι
1146 615 1222 680 Eur.
1238 615 1378 680 Phoen.
1392 616 1453 678 771

338 741 407 800 sqq.
442 720 487 780 οοὶ
514 721 567 800 μὲν
596 720 653 800 γὰρ
681 715 765 802 ἡδὺς·
783 715 826 788 είς
854 719 962 798 λόγους
992 716 1136 803 ἀφίξεται,
1162 719 1165 800 l
1189 713 1246 796 ἐγὼ
1263 715 1313 802 Ιδὲ
1339 720 1458 800 τεχνην.

338 822 481 903 μαντικὴν
503 816 684 903 ἐμεμψάμην
700 818 703 901 l
721 817 780 904 ἤδη
802 822 876 901 πρὸς
898 815 996 892 αὐτόν,
1019 815 1094 880 ὥστε
1123 840 1173 902 μοι
1195 820 1332 904 μομφὰς
1357 817 1455 901 ἔχειν.

338 920 393 985 cfr
427 922 523 984 etiam
557 919 653 1002 Soph.
686 921 736 984 El.
773 922 853 984 1359
887 944 933 1002 sq.
957 918 1040 983 ἀλλά
1062 942 1100 1003 με
1125 919 1128 1002 l
1153 921 1254 1000 λόγοις
1281 917 1453 991 ἀπώλλυς,

338 1023 399 1105 ἔργ’
433 1021 511 1105 ἔχων
544 1019 639 1104 ἥδιστ’
667 1019 743 1104 ἐμοί,
767 1022 842 1086 Eur.
877 1022 946 1085 Alo.
981 1024 1042 1086 790
1074 1045 1120 1104 sq.
1151 1025 1222 1104 τίμα
1251 1019 1289 1082 δὲ
1315 1023 1377 1083 καὶ
1400 1022 1454 1103 τὴν

337 1124 475 1186 πλεῖστον
504 1107 659 1208 ἡδίστην
686 1125 766 1184 θεῶν
792 1121 794 1189 l
820 1107 940 1204 Κὺπριν
964 1125 1117 1206 βροτοῖσιν·
1151 1119 1322 1206 εὐμενὴς
1346 1117 1452 1205 γὰρὴ

337 1227 412 1294 θεὸς
426 1223 446 1288 1.
470 1260 509 1269 —
532 1224 583 1288 Ad
605 1221 740 1308 ἐμμένων
770 1233 865 1303 οιγαῖς
894 1225 1037 1288 conferre
1059 1225 1134 1288 licet
1157 1213 1235 1288 Cho.¹
1250 1225 1329 1298 ,975
1355 1219 1453 1305 ὅρκος

337 1324 459 1410 ἐμμένει
480 1329 673 1408 πιοτὼμοιοιν.

437 1426 666 1507 Corrumpendi
688 1426 778 1508 origo
801 1427 925 1490 videtur
939 1427 1037 1490 fuisse
1052 1427 1209 1509 scripture
1224 1423 1416 1488 ΕΜΕΝΩΝ
1430 1423 1450 1502 ²,
1534 1471 1535 1488 1

336 1551 431 1609 quam
459 1529 594 1591 formam
616 1526 799 1608 genetivum
820 1527 975 1608 pluralem
997 1527 1157 1610 participii
1180 1528 1353 1592 cuiusdam
1376 1549 1449 1590 mu·

335 1630 421 1693 litati
444 1651 513 1692 esse
536 1632 623 1692 ratus
646 1628 793 1692 librarius
817 1629 855 1692 ad
877 1629 970 1691 metri
994 1633 1034 1705 et,
1058 1634 1092 1692 ut
1109 1629 1250 1706 credidit,
1266 1628 1447 1692 sententiae

335 1753 427 1793 usum
444 1727 600 1814 ἀφεμένων
617 1729 765 1805 coniecit;
789 1738 894 1808 οιγαῖς,
911 1730 974 1793 iam
989 1730 1108 1793 anullo
1123 1730 1221 1794 verbo
1236 1751 1445 1812 suspensum,
1534 1775 1535 1800 ι

336 1831 376 1894 ad
399 1828 505 1913 ἄτιμος
527 1831 578 1894 vel
600 1828 755 1915 ἀφεμένων
777 1831 912 1894 relatum
933 1831 967 1894 in
989 1841 1075 1910 σιγᾶς
1096 1835 1253 1922 mutatum
1276 1835 1349 1907 θείς
1378 1830 1444 1893 tum
1533 1817 1535 1898 l

336 1954 411 1995 vero
435 1929 605 2013 ἀλοιδόροις
627 1931 709 1996 inter
732 1930 838 2014 ἄτιμος
861 1938 892 1996 et
914 1929 1035 2015 ἥδιστος
1057 1954 1156 2014 prope
1170 1932 1254 1996 ultro
1274 1932 1312 1996 in
1337 1930 1442 1995 nomi-
1533 1927 1535 1974 ί

335 2033 436 2096 nativi
457 2033 592 2098 formam
614 2034 861 2114 transmigravit.

436 2276 499 2340 Vv.
525 2280 701 2341 506—07.

536 2385 617 2456 ὅστις
639 2384 704 2447 τάδ’
728 2383 832 2454 ἄλλως
855 2381 919 2468 τῇδ’
942 2383 1102 2468 ἐπείχεται
1122 2389 1219 2460 πόλει,

538 2485 629 2556 αὐτὸς
651 2496 763 2571 φρενῶν
786 2495 929 2568 καρποῖτο
952 2489 1004 2570 τὴν
1028 2484 1185 2570 ἁμαρτίαν.

436 2622 525 2686 Voce
558 2619 699 2704 ἁμαρτία,
721 2623 755 2694 ,οἱ
782 2622 877 2686 lectio
906 2645 982 2686 sana
1004 2613 1070 2699 est,⁴
1088 2623 1324 2705 significaretur
1348 2623 1434 2708 quasi

336 2725 459 2787 fructus
487 2723 583 2786 animi
605 2723 715 2787 malus
761 2723 879 2788 Tamen
902 2746 973 2788 oum
995 2734 1118 2807 φρενῶν,
1142 2727 1181 2790 ad
1204 2723 1356 2808 ἁμαρτίαν
1379 2747 1435 2809 po·

304 2895 307 2902 ⁴
335 2825 439 2902 situm,
463 2824 621 2888 abundare
644 2825 796 2903 videatur,
820 2826 904 2890 haud
928 2827 993 2890 scio
1017 2849 1056 2889 an
1071 2825 1248 2908 Aeschylus
1271 2826 1434 2910 scripserit

336 2929 388 3011 τὴν
418 2924 578 3009 ἀκαρπίαν.
629 2926 673 2990 Vt
700 2927 783 2992 enim
806 2930 861 3012 qui
883 2929 1044 3012 sapientia
1066 2929 1169 2992 utitur
1191 2927 1277 3011 Sept.
1301 2932 1364 2994 581
1389 2950 1433 3007 sq.

336 3030 464 3110 βαθεῖαν
481 3027 580 3091 ἄλοκα
595 3026 645 3090 διὰ
656 3030 764 3114 φρενὸς
775 3029 993 3110 καρποίμενος,
1009 3029 1011 3109 l
1026 3026 1057 3100 ἐξ
1069 3026 1107 3113 ἧς
1118 3031 1155 3090 τὰ
1166 3028 1259 3094 κέδνα
1270 3031 1433 3112 βλαστάνει
1531 3045 1532 3052 “

336 3131 537 3212 βοολείνματα,
557 3135 684 3212 apoetn
706 3131 872 3208 inducitur,
895 3130 941 3193 ita
963 3128 1096 3210 ἀκαρπία
1118 3141 1230 3215 φρενῶν
1253 3134 1362 3197 stultis
1384 3127 1432 3194 vel

338 3233 529 3294 insanientis
552 3254 619 3294 esse
637 3225 836 3313 argutissime
859 3213 1015 3294 diccrctur
1028 3230 1049 3292 ³.
1082 3231 1130 3294 Αο
1152 3233 1295 3314 profecto
1319 3239 1430 3318 φρενῶν

336 3331 465 3415 (φρενὸς,
489 3330 655 3413 πραπίδων)
681 3337 797 3416 καρπός
820 3337 868 3396 est
889 3335 973 3395 stata
995 3333 1139 3413 quaedam
1160 3336 1328 3416 sapientior
1350 3332 1430 3417 apud

336 3430 505 3496 Pindarum
537 3433 736 3514 significatio,
766 3432 814 3497 Ol.
838 3431 901 3497 Vll
922 3434 941 3496 8
963 3433 1074 3511 γλοκὺν
1102 3437 1217 3515 καρπὸν
1245 3440 1353 3520 φρενός
1380 3432 1428 3515 (de

337 3533 498 3614 carmine),
518 3531 578 3596 Ne.
594 3531 623 3596 X
642 3536 690 3610 12,
707 3534 763 3616 Py.
780 3533 811 3598 Π
827 3535 866 3597 74
882 3544 995 3619 φρενῶν
1017 3533 1112 3618 ἔλαχε
1128 3538 1242 3616 καρπὸν
1257 3534 1427 3620 ἀμώμητον,

335 3637 450 3715 fragm.
488 3635 548 3696 195
571 3632 723 3716 πραπίδων
756 3639 880 3717 καρπόν,
915 3636 962 3699 cfr
987 3636 1100 3718 fragm.
1125 3638 1184 3716 193
1208 3635 1301 3724 ἀτελῆ
1325 3639 1427 3724 σοφίας

441 3819 447 3848 ¹
476 3824 597 3870 Fortasse
624 3824 703 3870 etium
731 3823 815 3870 obiter
843 3825 1004 3882 significetur
1030 3825 1142 3882 dignitas
1169 3830 1195 3872 et
1219 3791 1302 3884 gretia
1319 3825 1417 3873 Menelc

339 3904 444 3966 (ξανθὸς
464 3903 617 3972 Μενέλαος),
636 3907 728 3954 Paride
747 3907 830 3954 formu
849 3923 877 3954 uc
896 3911 982 3968 specie
1002 3923 1051 3954 non
1071 3910 1153 3956 multo
1171 3911 1307 3959 inferioris.

440 4003 449 4033 ²
475 4011 507 4056 Vt
534 4012 618 4058 Prom.
649 4011 697 4056 550
725 4005 810 4077 ὲμενοι
836 4024 884 4070 pro
911 4006 1017 4079 ἐμμένοι
1043 4012 1069 4058 Μ
1092 4016 1151 4059 unte
1176 4026 1240 4060 corr.
1284 4013 1329 4059 cu
1351 4012 1422 4059 etism

338 4094 424 4140 Prom.
443 4095 499 4154 876,
519 4095 581 4142 Cho.
602 4097 674 4142 1010.

439 4191 449 4222 ³
472 4195 526 4242 Ηοο
545 4198 619 4254 quasi
637 4197 752 4244 sentiens
770 4197 867 4246 Fnuuu
887 4201 1027 4247 convertit:
1048 4196 1108 4245 “der
1126 4206 1194 4245 erute
1212 4201 1287 4246 selbot
1303 4203 1366 4246 eiust
1382 4199 1422 4243 der

338 4283 484 4338 (ι’νκίκκιικρ
503 4281 600 4326 dilrre
618 4280 765 4328 Ιιίκιιίιίία
