3146 5026
311 419 340 460 IV

267 565 370 628 minus
392 569 464 647 apte
487 564 537 628 vel
552 563 648 628 etiem
662 561 880 645 neglegentius
895 563 1053 629 interdum
1065 553 1206 636 dicerent
1221 557 1362 628 accidere

268 706 331 748 non
364 684 503 767 potuerit
516 682 537 746 ¹.
589 680 689 746 lmmo
720 703 758 745 ex
789 703 857 745 sese
888 681 1031 764 intellegi
1062 682 1186 747 videtur
1208 683 1278 746 fieri
1299 703 1364 746 non

267 804 417 887 potuisse,
440 807 476 867 ut
496 779 610 884 tragici
632 801 687 880 illi,
712 806 860 883 quattuor
875 801 997 867 fabulas
1013 802 1151 876 scribere
1167 802 1364 884 scriptasque
1390 877 1393 884 ,

268 922 369 987 modis
395 923 527 1004 insuper
558 921 673 1003 aptatis
700 922 812 986 docere
835 921 967 1004 singulis
989 943 1088 1004 prope
1110 921 1200 986 annis
1222 911 1365 986 cunsueti

204 1095 207 1102 .
255 1010 325 1106 ¹neo
347 1040 490 1124 profecto
514 1039 687 1106 communis
709 1039 873 1106 hominum
893 1039 1111 1105 inbecillitatis
1134 1045 1289 1124 expertes
1306 1063 1363 1124 op-

266 1159 346 1224 tima
377 1181 509 1244 quaeque
542 1180 666 1242 semper
695 1159 882 1224 invenirent.
927 1157 1060 1236 Accedit
1089 1161 1181 1241 quod,
1214 1182 1283 1242 quae
1308 1181 1363 1224 au-

268 1279 389 1343 dientes
401 1261 462 1343 'vel
483 1279 625 1361 legentes
648 1279 769 1361 antiqui
790 1277 838 1342 illi
858 1278 1002 1343 homines
1024 1278 1195 1374 tolerasse,
1211 1301 1281 1362 quae
1301 1301 1366 1344 non

269 1397 420 1462 tolerasse
442 1397 573 1480 putandi
595 1397 667 1476 sint,
691 1420 754 1462 non
775 1397 869 1462 facile
892 1397 1089 1487 diiudicatur.
1134 1397 1168 1463 Si
1181 1421 1264 1490 ¹vero
1278 1399 1365 1481 quis·

239 1515 352 1601 'piam
385 1515 523 1583 dixerit²
555 1517 618 1582 illis
651 1517 846 1599 temporibus
880 1517 1102 1582 subtilissimas
1130 1517 1367 1600 philologorum

267 1637 479 1702 recentiorum
499 1637 676 1720 explicandi
691 1638 830 1720 argutias
845 1639 985 1702 nondum
999 1637 1218 1720 suppetivisse,
1234 1658 1366 1719 respon-

269 1758 342 1822 dere
363 1756 472 1822 licebit
493 1761 560 1822 tum
583 1757 678 1822 etiam
700 1739 839 1822 noudum
860 1759 1050 1823 redundasse
1073 1757 1182 1821 doctos
1202 1757 1296 1835 viros,
1313 1757 1368 1839 qui

268 1876 448 1942 hominibus
480 1876 615 1960 simplici
647 1883 678 1942 et
708 1877 844 1942 naturali
870 1878 1007 1959 quodam
1029 1899 1122 1941 sensu
1143 1881 1246 1958 poetae
1269 1875 1368 1941 verba

268 1995 521 2078 percipientibus
543 1995 706 2078 scrupulos
732 1996 915 2077 longissime
939 1996 1088 2077 quaesitos
1112 1995 1221 2077 quavis
1244 1995 1367 2060 ratione

210 2137 217 2149 ·
267 2113 431 2179 inicerent.

367 2233 436 2300 Nec
465 2235 581 2313 tamen,
603 2235 637 2298 in
658 2233 810 2316 Aeschyli
832 2239 917 2299 certe
939 2234 1065 2313 fabulis,
1087 2233 1206 2318 passim
1228 2237 1367 2318 graviter

268 2354 434 2437 corruptis,
472 2354 745 2436 recognoscendis,
780 2355 873 2418 anxia
905 2377 941 2418 ac
979 2333 1200 2436 superstitiosa
1233 2356 1368 2436 quadam

267 2473 445 2538 litterarum
484 2472 672 2537 traditarum
710 2473 893 2538 adoratione
934 2468 1070 2556 vestigia
1108 2473 1262 2556 librorum
1295 2479 1368 2538 sunt

267 2592 437 2676 premenda
450 2590 471 2672 ³,
495 2593 743 2674 quandocunque
766 2594 922 2658 sententia
944 2593 994 2657 vel
1013 2593 1137 2675 legibus
1153 2594 1368 2700 grammaticis

268 2711 319 2776 vel
340 2715 442 2776 metro
464 2711 542 2775 vitia
563 2711 732 2776 manifesta
754 2717 936 2796 arguuntur.
967 2727 970 2738 ·
1045 2795 1048 2800 ¹

368 2830 479 2914 Itaque
510 2853 574 2896 non
603 2831 704 2896 nullos
734 2833 880 2914 equidem
906 2832 1154 2916 Agamemnonis
1175 2833 1262 2904 locos
1285 2831 1365 2896 male

211 3043 216 3054 ι
272 2950 402 3014 affectos
425 2972 526 3033 neque
550 2950 650 3016 adhue
672 2951 749 3017 satis
765 2954 852 3016 certa
866 2953 1021 3016 medicina
1034 2951 1208 3030 restitutos,
1225 2975 1264 3016 ex
1278 2954 1367 3034 parte

379 3171 387 3202 ¹
406 3178 450 3224 Gir
467 3178 570 3226 BTonr
590 3179 750 3238 (Philologus
767 3181 870 3228 XXXIX
889 3177 979 3238 [iaso]
998 3193 1023 3238 p.
1039 3177 1108 3236 195J:
1129 3177 1284 3235 “allerdings
1303 3177 1368 3236 gehe

271 3261 321 3322 ioh,
349 3262 434 3320 gleich
461 3263 521 3309 dem
543 3263 569 3310 in
592 3264 974 3325 derinte1·p01ationsfr·ageso
994 3263 1189 3310 conservativeu
1207 3262 1299 3322 Kncn,
1317 3274 1367 3307 von

268 3345 315 3394 der
333 3349 540 3406 voraussetzung
567 3361 622 3410 aus,
650 3349 710 3396 dass
737 3349 878 3407 Aeschylos
905 3361 953 3396 nur
981 3330 1164 3417 “grossffedal
1189 3347 1244 3394 und
1261 3344 1367 3406 schum,

271 3454 298 3464 -
312 3431 366 3480 und
383 3431 425 3480 ich
444 3432 504 3490 fuge
523 3423 601 3480 hinzu
622 3434 700 3494 “klar,
719 3434 819 3492 logisch
832 3435 885 3482 und
897 3431 1187 3491 zusammenhtngend¹¹
1199 3455 1230 3464 -
1240 3431 1368 3491 spreohen

268 3515 363 3566 kann.“
1035 3556 1038 3561 .

347 3604 350 3610 ’
371 3594 381 3626 ²
399 3601 443 3648 Otr
461 3602 593 3649 Drrnoar
614 3602 648 3659 (in
667 3603 818 3662 praefatione
831 3603 870 3651 ed.
884 3603 945 3650 min.
955 3617 980 3663 p.
991 3602 1068 3660 oxu:
1089 3601 1253 3650 “Meminisse
1266 3603 1369 3662 oportet
1437 3619 1440 3628 Α

267 3687 369 3733 veteres
393 3685 573 3747 Athenienses,
600 3686 695 3746 quibus
719 3687 821 3734 fabulas
839 3701 901 3734 suas
920 3699 1038 3734 summus
1056 3690 1135 3748 poeta
1153 3686 1264 3747 scripsit,
1283 3686 1368 3733 nullos

269 3771 332 3817 dum
356 3769 481 3820 habuisse
504 3771 660 3834 philologos,
679 3773 723 3832 qui
741 3772 782 3819 vel
800 3773 979 3842 spectantibus
997 3773 1023 3819 in
1041 3773 1142 3819 theatro
1161 3761 1254 3832 presto
1273 3775 1368 3832 essent,
1466 3836 1467 3839 Ἴ

247 3867 249 3872 ·
269 3854 312 3900 voi
330 3865 376 3915 per
395 3857 576 3917 ephemerides
594 3859 620 3903 et
638 3857 838 3904 commentarios
862 3857 1168 3918 inexplicabiliaeadem
1187 3869 1237 3914 qua
1256 3854 1368 3914 expliea-

273 3937 335 3986 bilia
354 3939 477 3988 facilitate
495 3935 754 4002 interpretarentur.“
977 3934 981 3944 ”
1025 3927 1026 3930 ¹

368 4020 636 4087 ³Valut·V1canAtn,
664 4027 821 4076 novissimus
848 4027 1050 4094 Agamemnonis
1075 4025 1166 4085 editor,
1194 4023 1281 4071 multis
1301 4021 1368 4072 iocis

223 4161 231 4178 Ι
267 4105 409 4158 lectionum
427 4111 553 4158 librorum
575 4111 721 4159 laudandus
744 4115 919 4174 conservator,
939 4127 990 4160 non
1008 4123 1066 4158 raro
1084 4109 1162 4156 etiam
1181 4109 1368 4160 absurdissima

268 4193 384 4242 defendit
410 4207 482 4255 paene
509 4195 601 4242 eodem
630 4195 725 4258 furore,
753 4189 803 4256 quo
826 4195 889 4243 olim
907 4195 1017 4258 Borma,
1041 4195 1195 4256 Haerere,
1214 4195 1257 4241 alii
1275 4193 1367 4240 tradita

250 4283 352 4345 ,poeta
370 4281 450 4330 verbs
468 4281 606 4330 sanissima
624 4296 638 4328 e
656 4285 730 4330 textu
747 4282 910 4343 expulerunt.
