3146 5026
1248 438 1287 493 37

223 601 369 666 umbra
392 625 531 666 sumus.
569 599 692 664 εἴδωλον
706 601 768 665 hoc
782 601 853 664 loco
868 602 1017 666 nimirum
1033 605 1080 666 est
1094 624 1195 683 neque
1220 601 1329 666 “Por-

223 703 350 767 trait“
382 725 483 784 neque
516 703 776 786 “Gespenst“,¹
792 704 847 768 sed
872 705 988 786 ἶίιιιορο
1011 704 1207 787 specularis,
1235 707 1329 785 atque

223 804 338 886 imago
368 826 497 885 prorsus
528 809 771 886 perverteretur,
798 805 825 867 si
852 805 1043 869 scriberetur
1074 802 1203 883 εἰδώλων
1232 809 1329 874 σκιάς.

223 903 316 968 Nam
337 906 370 968 id
392 905 468 970 dicit
495 905 725 987 Agamemnon,
755 907 900 991 quisquis
926 907 1097 990 simulabat
1119 929 1151 970 sc
1173 909 1238 990 ipsi
1265 928 1330 970 csse

225 1009 380 1088 amicum,
410 1010 445 1070 in
473 1008 598 1091 speculo
630 1008 869 1071 consuetudinis
892 1007 935 1070 ud
962 1009 1127 1071 ceritatem
1148 1007 1331 1072 ιὀιίιίίίκικ1
1393 1031 1396 1036 ·

226 1105 384 1190 (εἴδωλον)
416 1129 480 1171 κοκ
506 1129 577 1172 cere
604 1108 793 1190 benevolum,
820 1109 1044 1172 πολιτικώτατα
1073 1097 1204 1172 tantuin
1220 1109 1330 1190 (bene-

225 1207 310 1289 voli)
331 1211 534 1293 'opparuisse
568 1209 622 1274 Ofr
644 1209 728 1273 Men.
750 1209 789 1272 fr.
813 1212 842 1287 4,
867 1210 926 1272 241
950 1205 984 1271 οἶ)
1007 1212 1139 1290 περιττὸν
1162 1208 1232 1270 οἴετ’
1248 1208 1332 1282 ἐξευ-

227 1313 357 1394 ρηκέναι
379 1309 381 1391 ί
404 1307 523 1389 ἀγαθὸν
552 1307 688 1384 ἕκαστος,
712 1307 747 1371 ἂν
770 1300 840 1394 tyrs
858 1311 970 1394 φίλου
1002 1315 1112 1373 σκιάν
1143 1309 1223 1374 Plat.
1252 1311 1331 1394 Rep.

226 1409 295 1476 VH
317 1413 376 1476 517
399 1411 434 1476 D.
452 1414 519 1494 περὶ
541 1423 596 1475 τῶν
620 1421 675 1474 τοι]
694 1411 809 1474 δικαίου
833 1424 932 1486 σκιῶν,
960 1414 1058 1495 Lync.
1082 1437 1130 1495 ap.
1154 1411 1230 1476 Ath.
1255 1415 1273 1476 6
1300 1438 1330 1495 p.

228 1513 295 1576 246
317 1511 347 1576 A
369 1512 521 1595 (Pissow)
545 1509 600 1574 οὐκ
623 1512 716 1596 ἄρτοι,
740 1511 811 1583 ἀλλ’
835 1512 930 1595 ἄρτων
955 1517 1045 1576 σκιαί.

266 1651 267 1656 κ
333 1613 474 1677 Kmusnn
496 1615 541 1678 sio
564 1613 737 1696 disputat2:
770 1618 878 1694 “sunt
901 1617 966 1696 qui
989 1617 1141 1679 arctius
1164 1617 1333 1697 iungant

228 1715 354 1778 verba
377 1711 409 1776 εί)
429 1712 622 1797 ἐξεπίσταμαι
637 1713 758 1798 ὁμιλίας
773 1721 952 1797 κάτοπτρον,
965 1717 1108 1798 hisque
1131 1717 1333 1799 separatis

172 1811 176 1822 '
231 1811 396 1877 εἴδωλον
419 1819 511 1879 cett.
533 1818 706 1897 pendere
723 1821 870 1898 ¹putent
893 1817 938 1880 ab
962 1813 1048 1886 εἰδὼς
1070 1818 1186 1900 λέγοιμ’
1210 1815 1256 1879 eo.
1290 1816 1334 1880 At

229 1920 314 1979 tum
335 1916 439 1979 nihil
462 1917 618 1980 diceret
643 1916 898 1998 Agamemno,
922 1918 1001 1981 nisi
1024 1940 1110 1981 esse
1132 1919 1244 1996 illos,
1269 1919 1357 2000 qui¹

230 2017 312 2080 sibi
348 2017 535 2110 benevoli
571 2017 649 2081 visi
686 2023 834 2096 essent,
871 2009 1257 2095 homines'inertes;
1295 2021 1334 2082 id

232 2120 336 2199 quod
358 2113 517 2182 mi-'nime
541 2123 670 2198 erant,
687 2121 754 2183 sed
775 2120 907 2184 inanis
930 2125 1016 2184 erat
1036 2143 1166 2182 eorum
1184 2121 1333 2182 famili-

232 2219 390 2284 aritas“.
435 2219 548 2284 Vanus
566 2221 739 2302 scrupulus.
783 2221 868 2285 Nam
889 2222 965 2285 licet
985 2222 1031 2284 ite
1046 2221 1235 2302 accipiamus
1253 2225 1333 2293 σκιά,

230 2325 269 2384 ut
293 2320 437 2385 homines
468 2322 585 2385 inertes
617 2322 796 2403 significare
828 2324 1001 2400 credamus,
1031 2322 1151 2386 eserie
1181 2321 1332 2385 orationis

152 2506 156 2510 .
232 2423 337 2486 elucet
358 2423 455 2504 fuisse
479 2446 532 2486 eos
554 2424 671 2503 ipertes
687 2425 726 2487 nd
737 2446 845 2488 veram
856 2424 1110 2488 benevolentiam
1121 2422 1333 2505 praestandam

232 2523 305 2588 coll:
321 2525 425 2600 verbis
438 2547 508 2605 quae
521 2525 693 2606 sequuntur
711 2529 826 2607 μόνος
842 2524 868 2586 δ’
885 2523 1050 2594 Ὀδοσσεδς
1066 2561 1107 2570 -
1122 2519 1162 2569 ’-
1178 2521 1334 2606 ἕτοιμος

231 2621 269 2708 ἦν
292 2621 358 2708 ἐμοί
383 2628 562 2710 σειραφόρος
572 2625 593 2688 3.
1225 2637 1226 2643 ’

335 2865 376 2930 V.
401 2870 482 2932 904.
939 2955 944 2966 θ

456 2981 547 3064 θήσει
569 2977 691 3048 δικαίως
715 2981 766 3043 σὺν
788 2982 874 3050 θεοῖς
897 2977 1075 3064 εἱμαρμένα.

335 3113 484 3178 Scholion
512 3115 676 3196 antiquum
704 3117 743 3178 ad
770 3115 853 3179 hunc
882 3137 1016 3192 versum,
1047 3114 1131 3194 quod
1153 3114 1187 3182 in
1208 3113 1291 3177 libro
1314 3115 1334 3176 t

233 3220 348 3293 exstat,
379 3215 546 3300 Wncnmin
574 3216 641 3279 sine
667 3201 921 3298 interpunctione
950 3203 1017 3302 hoc¹
1033 3217 1127 3279 modo
1150 3216 1332 3296 descripsit:

230 3316 306 3387 ἴσως
327 3313 377 3378 ἵνα
399 3315 487 3385 δίκας
510 3312 597 3378 αὐτὸν
610 3315 773 3402 κάπαιτιίρσῃ
795 3320 880 3378 τοῦτο’
897 3337 984 3401 φησιν
1001 3313 1090 3377 ἕνεκα
1105 3324 1155 3378 τοῦ
1172 3321 1263 3402 φόνοι)
1278 3326 1332 3401 τῆς

340 3500 348 3530 ¹
367 3505 411 3550 cfr
429 3505 501 3550 locos
520 3517 600 3563 supro
617 3505 745 3565 laudatos,
771 3506 864 3563 fragm.
884 3507 941 3564 393,
961 3505 1030 3562 quod
1048 3518 1098 3551 non
1118 3509 1174 3564 eret
1192 3519 1238 3552 cur
1257 3504 1333 3551 Hun-

233 3598 319 3636 MANN
347 3589 620 3635 “alienissimum
646 3590 685 3634 ab
713 3589 775 3634 hoo
799 3588 898 3647 lo,oo“¹
920 3589 1017 3636 diceret
1036 3589 1156 3648 (11437),
1175 3590 1236 3635 Eur.
1255 3589 1333 3646 Hipp.

233 3676 292 3734 428,
310 3674 433 3720 Androm.
453 3676 509 3735 683,
528 3675 567 3720 El.
587 3675 643 3720 384,
661 3698 664 3704 -
679 3673 724 3720 Gfr
742 3675 820 3720 etiem
838 3675 924 3720 Photii
942 3675 1140 3734 explicationpm
1160 3675 1229 3732 apud
1241 3674 1334 3718 Huus-

232 3767 311 3806 DIUM
329 3739 486 3818 exscriptum
506 3757 539 3818 (p.
559 3759 630 3815 onoJ:
651 3755 787 3827 κατόπτρῳ
808 3755 853 3826 μὲν
871 3754 1039 3827 ἐμφανίζεται
1056 3756 1135 3816 τύπος
1157 3761 1207 3825 τῆς
1225 3760 1333 3824 μορφῆς

234 3829 280 3891 τοῦ
299 3839 431 3910 σώματος,
451 3838 568 3910 ὁμιλίαις
588 3837 615 3890 δὲ
634 3841 679 3891 καί
696 3837 786 3911 λόφοις
805 3841 834 3891 τὸ
846 3846 896 3911 τῆς
910 3840 999 3912 ψυχῆς
1012 3835 1084 3910 ἦδος
1097 3836 1332 3909 χαρακτηρίζεται,
1358 3901 1364 3914 ι

235 3926 319 3973 Kucu
337 3941 362 3986 p.
383 3929 431 3972 336
450 3941 488 3985 sq.
524 3925 614 3984 Neque
640 3927 718 3985 igitur
742 3929 901 3975 WucKLuln
928 3928 979 3982 [Or.
998 3941 1022 3986 p.
1043 3926 1083 3982 88)
1103 3921 1246 3993 κάτοπτρον
1263 3929 1333 3970 recte

235 3984 349 4070 explicuit
368 4008 549 4064 “ttirccchender
567 4009 688 4070 Spreyeffl.
730 4041 731 4044 =
1261 3999 1265 4011 ¹

340 4088 391 4154 ²p.
412 4095 468 4143 189.

340 4172 350 4204 ³
368 4174 538 4246 ἐξεπίσταμαι
556 4193 646 4226 casum
665 4184 786 4238 quartum
809 4193 901 4237 regens
919 4178 1049 4224 invenitur
1067 4179 1145 4238 Soph.
1165 4179 1257 4236 fragm.
1278 4180 1334 4238 704,

236 4263 297 4311 Eur.
317 4265 385 4323 Oy'cl.
405 4265 462 4323 476,
480 4263 575 4310 Herod.
594 4263 678 4324 1143,
697 4265 761 4311 Plut.
780 4264 878 4310 Phaedr.
899 4264 946 4309 228
965 4263 994 4322 B,
1014 4263 1071 4309 aliis
1088 4264 1161 4310 locis.
1252 4265 1266 4331 .-
