3146 5026
321 412 358 467 62

206 569 209 576 ⁴
275 578 418 660 probem,
442 598 551 640 verum
574 575 648 656 quia
670 577 754 656 quod
776 575 875 640 Fessa
898 577 1040 659 reposuit
1055 578 1183 642 omnino
1195 600 1379 659 perversum

276 702 344 744 esse
360 679 473 742 iudico.
502 677 656 760 Repperit
670 677 751 741 hanc
766 679 936 742 lectionem
951 678 1061 756 Fessa,
1078 679 1151 760 quia
1166 683 1379 762 πεπραμένους

275 781 467 844 ita'demum
489 784 575 842 recte
598 769 717 842 dictum
739 801 807 842 esse
830 779 995 843 videbatur
1009 778 1029 842 ¹·
1074 777 1136 843 Sed
1157 780 1302 860 prolecto
1317 804 1382 845 non
1405 822 1408 826 -

276 887 325 946 est
345 881 474 961 ingenio
498 878 716 961 Clytemestrae
748 884 995 944 consentaneum
1016 879 1217 962 Aegisthum,
1240 882 1380 965 pileatos

276 980 401 1063 ἀνδρῶν,
423 987 490 1065 tam
526 981 647 1062 urpiter
665 981 816 1046 excedere
834 971 944 1044 iubere
957 979 998 1058 ²„
1023 981 1126 1045 Maius
1141 970 1217 1045 vero
1234 985 1382 1064 estquod

276 1082 487 1164 Clytemestra
501 1105 530 1145 v.
549 1083 631 1145 1658
648 1082 743 1146 caedis
761 1081 1011 1163 Agamemnonis
1027 1068 1133 1146 adfert
1145 1083 1382 1147 excusationem
1428 1085 1433 1090 ’

276 1193 353 1268 χρῆν
376 1181 442 1245 τάδ’
465 1181 507 1252 ὡς
529 1180 710 1266 ἐπράξαμεν.
755 1182 832 1258 Quae
855 1183 954 1246 verba
976 1206 1071 1264 quam
1092 1184 1185 1264 plane
1209 1184 1381 1248 absurdum

253 1290 360 1350 ‘esset
382 1285 468 1350 socio
491 1285 619 1348 sceleris
651 1285 770 1348 dicere!
798 1283 899 1348 lmmo
923 1284 1021 1350 verbo
1043 1282 1214 1368 ἐπράξαμεν
1238 1291 1325 1350 etse
1350 1292 1382 1352 et

276 1386 466 1468 Aegisthum
500 1385 665 1467 complexa
692 1407 760 1448 esse
787 1386 920 1462 videtur,
951 1408 1044 1466 quem
1072 1387 1111 1450 ad
1132 1371 1261 1452 modum
1282 1389 1378 1470 paulo

275 1511 370 1569 supra
393 1475 570 1569 δράσομεν.
591 1482 906 1569 αἱματώμεθα-ἀώρ.
951 1486 1038 1568 Ergo
1063 1488 1229 1551 1654-56
1252 1490 1292 1552 ad
1313 1488 1379 1552 Ae·

234 1615 237 1620 ·
275 1589 426 1671 gisthum,
451 1589 618 1650 1657-60
641 1588 680 1650 ad
702 1609 792 1650 senes
816 1587 987 1667 placandos
1009 1587 1184 1668 loquitur³.

380 1706 449 1780 Qua
477 1709 581 1773 antem
607 1705 730 1768 ratione
760 1705 840 1767 1657
864 1727 910 1785 sq.
935 1705 1122 1780 emendandi
1143 1706 1207 1769 sint
1228 1705 1379 1770 difficilli-

259 1814 360 1870 'mum
392 1812 440 1870 est
469 1807 582 1870 dictu·
609 1804 758 1887 Suspicor
786 1806 932 1886 equidem
958 1805 1153 1887 Aeschylum
1184 1807 1253 1871 haee
1276 1809 1376 1889 scrip-

264 1909 375 1992 sisses
1033 1987 1036 1994 ι
1115 1895 1126 1920 ”

275 2035 400 2118 στείχετ’
423 2027 508 2117 ἤδ<η
531 2027 608 2116 μ>οτ
629 2037 767 2114 γέροντες
789 2036 864 2115 πρὸς
886 2032 998 2116 δόμους
1020 2038 1243 2118 πεπρωμένους,

273 2138 339 2215 πρὶν
373 2136 482 2198 παθεῖν
514 2133 654 2227 ἔρξαντες
684 2134 749 2215 (vel
780 2133 925 2216 εἴξαντες)
956 2131 1095 2218 αἰσχρόν·
1129 2144 1207 2220 χρῆν
1239 2133 1304 2196 τάδ’
1333 2125 1376 2205 ὡς

1081 2232 1261 2317 ἐπράξαμεν.
1348 2295 1351 2298 .

273 2373 302 2436 Α
324 2373 533 2454 persuadente
558 2373 608 2452 μοί
631 2369 707 2451 (dat.
731 2369 866 2450 ethicus)
890 2371 1052 2452 aptissime
1075 2371 1198 2447 dicitur,
1215 2371 1262 2434 cfr
1278 2369 1374 2454 Soph.

273 2473 333 2536 An·
354 2474 413 2535 687
438 2493 484 2552 sq.
517 2467 602 2551 ὑμεῖς
630 2470 675 2543 θ’,
705 2467 825 2551 ἑταῖρον,
855 2466 948 2531 ταύτά
975 2468 1046 2555 τῇδέ
1069 2491 1120 2553 μοι
1142 2469 1213 2532 τάδε
1236 2468 1239 2553 l
1262 2481 1376 2553 τιμᾶτε,

379 2675 451 2723 ¹Osr
468 2677 617 2722 Hnssminn
635 2691 660 2735 p.
681 2677 741 2724 502:
768 2675 846 2744 “πρὀς
866 2671 961 2743 δόμους
981 2674 1162 2744 πεπρωμένους
1187 2690 1252 2722 που
1277 2677 1376 2723 dubi·

273 2763 414 2808 tandum
432 2748 573 2806 videt⁸ur
591 2761 670 2818 quin
689 2773 805 2805 verum
823 2761 882 2807 sit:
901 2761 960 2806 sed
978 2744 1040 2805 hoc
1058 2761 1294 2820 participium,
1312 2774 1375 2818 quo

273 2847 454 2894 destinata
472 2845 596 2903 cuique
614 2847 647 2890 et
664 2845 808 2903 propria
826 2845 1007 2890 domicilia
1025 2845 1288 2904 significantur,
1312 2859 1376 2891 non

273 2933 379 2979 aliter
397 2935 513 2992 aptum
532 2930 682 2976 esthuie
701 2929 776 2974 loco
796 2926 910 2974 nisisi
929 2929 1031 2974 simul
1049 2929 1375 2987 adregiamdomum

272 3019 441 3076 refertur,
467 3028 534 3074 quae
556 3015 621 3060 iam
644 3013 828 3070 Aegistho,
847 3015 882 3058 ut
900 3013 988 3071 regi,
1013 3012 1121 3058 sicuti
1143 3003 1375 3073 senibus'pri-

273 3105 355 3146 vatio
381 3101 514 3159 domus,
538 3099 633 3144 iusta
657 3096 703 3142 sit
727 3096 911 3142 habitatio.
947 3095 992 3141 Ex
1011 3110 1075 3154 quo
1094 3097 1217 3156 colligi
1242 3100 1375 3157 potest,

273 3185 304 3230 id
334 3185 422 3242 quod
453 3185 556 3230 etiam
581 3195 636 3228 res
663 3182 739 3244 ipsa
767 3179 917 3239 dooetlll,
944 3179 1149 3238 Aegisthum
1172 3194 1236 3226 non
1263 3181 1374 3227 minus

265 3270 370 3326 'quam
395 3281 497 3314 senes
521 3269 552 3312 in
576 3280 656 3312 snas
682 3278 837 3323 quosque
862 3265 979 3310 domos
998 3278 1032 3310 se
1050 3265 1210 3324 recipere
1235 3265 1373 3311 iuberi.“

272 3345 355 3398 (hedo
380 3351 501 3409 equidem
520 3345 616 3418 δόμους
635 3346 816 3417 πεπρωμένοος
840 3348 897 3393 ideo
917 3349 1013 3394 dixisse
1032 3348 1211 3408 Clytemestra,
1230 3329 1264 3394 ut
1277 3348 1373 3405 signifi·

272 3441 343 3485 earet
361 3435 439 3481 rebus
459 3435 559 3480 novatis
569 3435 621 3479 iam
634 3435 726 3479 domos
740 3445 802 3480 suas
815 3433 941 3490 cuiusque
960 3433 1076 3491 privatas
1088 3432 1269 3478 administrare
1282 3445 1375 3478 senum

271 3535 338 3581 esse,
357 3533 407 3565 non
427 3519 539 3577 amplius
558 3520 583 3563 in
602 3532 629 3563 ro
642 3518 747 3576 publica
758 3517 865 3563 versari.
879 3539 905 3548 -
917 3516 1090 3564 Kcsosenio
1100 3513 1265 3583 πεπρωμένον
1276 3517 1375 3576 optime

272 3606 322 3652 dici
340 3605 425 3650 visum
442 3606 483 3648 est
503 3603 556 3648 “de
576 3602 746 3661 domibus,
772 3583 839 3658 quse
858 3599 1166 3648 hereditatis'iure
1185 3603 1316 3660 epatre
1335 3602 1375 3647 ud
1416 3645 1418 3649 .

272 3690 387 3735 filium
406 3685 608 3734 transeu1rt¹⁴
629 3685 663 3745 (p.
684 3685 750 3741 292).
933 3673 936 3678 ¹

375 3786 543 3837 2KA1zs'rnN
563 3788 597 3848 (p.
617 3787 675 3843 325)
695 3788 805 3833 fortasse
824 3787 892 3833 iusto
911 3788 1012 3834 acutius
1030 3787 1132 3834 monuit
1144 3798 1210 3846 opus
1224 3771 1275 3833 non
1292 3788 1374 3835 fnisse

271 3877 396 3934 Aegistho
414 3874 479 3942 πρὸς
498 3869 594 3941 δόμους
614 3866 732 3937 οτεὶχετν,
751 3874 842 3930 utpote
861 3871 905 3929 qui
923 3873 956 3918 ad
973 3871 1073 3929 regiam
1090 3871 1142 3916 iam
1160 3874 1239 3917 esset.

375 3971 385 4002 ³
402 3979 554 4023 Postremus
579 3987 671 4020 versus
700 3975 763 4019 1661
783 3973 816 4017 ad
837 3975 976 4031 utramque
999 3981 1101 4031 partem
1120 3973 1160 4028 est
1178 3973 1326 4034 mandatus,
1344 3977 1374 4020 ut

271 4076 303 4122 er
321 4062 385 4122 ipsis
404 4061 490 4107 verbis
510 4055 545 4116 (εἴ
562 4074 600 4117 τις
620 4053 697 4117 ἀξιοῖ)
716 4059 833 4117 apparet.
870 4057 1029 4104 Wnclzcnls
1050 4056 1206 4116 Aegisthum
1224 4057 1309 4103 solum
1328 4072 1373 4118 pe·

272 4148 348 4193 titum
375 4145 507 4192 existimat
534 4144 586 4200 (Or.
604 4157 629 4202 p.
650 4143 715 4198 140).
751 4142 850 4200 Inepte,
878 4153 937 4186 cum
965 4141 1138 4198 Clytemestra
1164 4154 1240 4187 senes
1267 4154 1371 4200 quoque
1398 4191 1405 4199 ,

272 4231 392 4276 adlocuta
411 4232 489 4274 esset.
