3146 5026
364 447 403 501 22

323 611 399 675 Hes.
423 609 481 694 Op.
505 612 566 675 709
578 610 598 688 ¹,
621 609 700 674 Xen.
723 611 811 675 Hier.
835 611 864 688 8,
887 611 916 688 5,
940 611 1131 693 'perrerrrtr'o’7
1146 608 1454 701 'reverentia’rlgt

324 712 394 788 778,
418 709 503 792 Sept.
527 711 588 774 690
598 709 620 788 ⁹,
643 710 719 775 Eur.
741 711 824 775 Med.
847 712 918 788 439,
941 711 1017 775 Hes.
1040 710 1099 792 Op.
1124 710 1184 774 190
1200 733 1283 792 sqq.
1310 706 1390 772 οὐδὲ
1408 731 1454 778 τις

324 807 448 893 εὐόρκου
478 814 593 894 χάρις
621 809 774 873 ἔσσεται
805 808 872 874 οὔτε
895 810 1011 874 δικαίου
1033 809 1036 895 l
1061 808 1122 874 οὔτ’
1146 808 1292 889 ἀγαθοῦ,
1321 810 1454 893 μᾶλλον

325 911 357 972 δὲ
379 913 487 973 κακῶνΙ
504 907 633 996 ῥεκτῆρα
655 914 706 973 καὶ
727 906 809 994 ὕβριν
827 909 830 994 l
848 910 941 993 ἀνέρα
962 917 1177 998 τιμήσουσι.
1224 910 1351 994 Atque
1376 912 1452 977 haec

324 1014 450 1094 quidem
480 1014 568 1078 notio
598 1014 671 1079 huie
702 1015 772 1078 loeo
804 1015 922 1096 optime
959 1013 1128 1079 convenit³
1166 1018 1336 1095 recteque
1375 1037 1450 1078 eum

323 1115 421 1204 verlro
443 1123 544 1178 πατεῖν
567 1117 777 1198 coniungitur,
800 1116 884 1196 quod
904 1116 1057 1180 translate
1080 1116 1194 1180 dieitur
1216 1137 1285 1197 pro
1300 1113 1449 1198 ἀμελεῖν,

324 1215 371 1278 ofr
392 1215 486 1280 Hom.
510 1215 534 1278 Δ
558 1218 617 1280 157
640 1218 720 1278 κατὰ
742 1214 768 1276 δ’
791 1211 879 1298 ὅρκια
900 1219 989 1278 πιστὰ
1011 1221 1158 1300 πάτησαν,
1181 1215 1249 1298 Ag.
1280 1218 1374 1282 1355
1398 1240 1447 1298 sq.

323 1325 378 1401 τῆς
400 1317 532 1400 μελλοῦς
553 1318 645 1386 κλέος
663 1316 666 1398 l
683 1315 767 1378 πέδοι
789 1325 940 1391 πατοῦσιν,
956 1317 1052 1400 Soph.
1068 1317 1144 1382 Ant.
1168 1320 1231 1382 745
1258 1322 1389 1402 τιμάς
1413 1339 1447 1396 γε

323 1419 378 1487 τὰς
399 1419 480 1480 θεῶν
502 1429 613 1490 πατῶν,
635 1416 690 1481 Ar.
714 1417 773 1481 Ve.
796 1419 856 1481 377
867 1416 890 1480 4.
1530 1437 1531 1454 *

424 1691 488 1755 Vv.
513 1696 690 1756 421—22.

461 1779 464 1785 Ι
594 1809 719 1887 πάρεστι
741 1814 828 1884 σιγᾶς
850 1803 957 1888 ἄτιμος
979 1802 1138 1886 ἀλοίδορος

595 1902 715 1976 ἅδιστος
738 1904 893 1991 ἀρερένων
916 1903 997 1968 ἰδεῖν.

320 2121 322 2126 ,
375 2086 377 2090 ·
421 2056 512 2136 Hane
544 2058 687 2122 codicum
717 2059 906 2139 scripturam
934 2080 1026 2121 nemo
1049 2057 1141 2121 huius
1166 2057 1299 2139 quidem
1324 2055 1435 2122 saeouli
1532 2074 1533 2094 ¹

324 2158 426 2222 editor
447 2158 508 2221 nisi
529 2157 670 2222 Vnnnlm
693 2181 802 2221 sanam
816 2158 949 2238 putavit,
966 2179 1059 2238 quem
1070 2158 1189 2220 nemini
1199 2145 1432 2239 persuasurum

324 2273 448 2341 spero.v
481 2259 610 2322 Etenim
642 2260 675 2322 in
707 2258 851 2322 versibus
884 2259 1051 2321 413-462
1085 2257 1199 2322 chorus
1233 2259 1427 2324 desiderium

324 2358 484 2424 Menelai5
504 2364 635 2440 propter
656 2359 813 2422 Helenam
834 2364 958 2440 raptam
980 2364 1012 2422 et
1033 2359 1154 2422 luctum
1172 2358 1379 2442 Argivorum
1392 2358 1424 2424 ob

323 2462 517 2542 propinquos
528 2461 561 2522 in
573 2459 657 2523 bello
669 2460 790 2524 occisos
803 2459 918 2523 diserte
934 2463 1028 2540 atque
1041 2460 1080 2522 ad
1095 2460 1216 2524 animos
1229 2462 1427 2526 audientium

310 2557 567 2624 'commovendos
590 2565 662 2641 apte
685 2561 835 2624 describit
844 2558 869 2624 θ’.
910 2559 958 2624 Αο
978 2561 1115 2624 Menelai
1136 2583 1309 2626 maerorem
1333 2583 1427 2644 quos-

328 2662 400 2724 dam
432 2659 531 2742 δόμιον
564 2666 721 2746 προφήτας
753 2666 945 2744 exponentes
975 2661 1061 2726 facit.
1105 2661 1173 2726 Hos
1205 2663 1294 2741 (mee
1324 2665 1427 2728 home-

324 2763 567 2846 iaterpreters“)
589 2762 754 2826 λῙοιαιιοι.7
777 2764 876 2828 credit
898 2786 966 2828 esse
991 2764 1059 2827 “tho
1081 2785 1165 2828 seers
1188 2764 1255 2842 wlro
1279 2772 1316 2829 at
1344 2765 1428 2846 Troy

432 2981 440 3011 ¹
460 2981 607 3050 ψεύδεσθαι
633 2981 760 3053 γλώσσης
784 2983 868 3053 χάριν,
893 3000 948 3044 qua
970 2987 1096 3032 vertenda
1120 2999 1178 3032 esse
1197 2988 1313 3033 ’mentiri
1331 2989 1425 3045 linquar

326 3071 524 3117 benevolentiom'
550 3072 566 3118 i.
589 3084 610 3116 e.
629 3072 721 3116 ’verbis
747 3073 854 3116 amicum
873 3085 898 3116 ae
915 3085 967 3116 eoae
993 3073 1060 3128 falso
1084 3073 1215 3116 elmulare'
1234 3072 1425 3118 sententiarum

325 3157 391 3200 ratio
414 3156 497 3200 docet.
532 3155 577 3200 Glr
599 3150 745 3220 ψεύδεσθαι
762 3153 809 3212 τὰς
828 3150 939 3212 ἀπειλάς
964 3155 1058 3201 Herod.
1077 3153 1112 3200 VI
1132 3156 1171 3214 32,
1191 3149 1285 3202 ἐλπίδα
1303 3154 1423 3202 nesebin.

326 3239 409 3285 1146.
445 3238 490 3283 Ofr
508 3239 585 3284 etiam
604 3239 720 3297 Theogn.
740 3241 846 3286 87-96.
865 3263 898 3270 -
915 3232 1049 3284 Pnssow⁵
1063 3241 1097 3297 lp.
1116 3238 1191 3294 2416)
1209 3239 1323 3298 explieat
1336 3237 1422 3297 “lapan

327 3336 360 3366 za
380 3323 492 3368 Glanaten
511 3324 555 3367 der
575 3323 661 3380 Ζκκρα
678 3325 701 3370 d.
721 3325 744 3370 h.
764 3325 825 3368 ohne
843 3325 879 3367 aia
896 3337 928 3368 zu
947 3319 1081 3368 hemmen“.
1106 3322 1166 3376 Qua
1178 3323 1360 3382 interpretatio
1373 3321 1423 3368 for-

326 3408 397 3452 tasse
417 3406 571 3464 conveniret,
590 3406 612 3452 si
630 3408 682 3453 tale
700 3407 809 3452 verbum
828 3406 904 3464 quale
922 3401 1051 3474 λοιδορεῖν
1070 3406 1196 3465 scriptum
1209 3410 1288 3454 esset.

429 3483 440 3514 ²
457 3489 547 3534 Primae
560 3490 703 3536 scholiastae
716 3490 742 3535 M
755 3490 920 3550 explicationi
931 3491 1113 3536 convenienter
1122 3491 1275 3537 vertendum
1285 3495 1325 3538 est
1336 3495 1421 3536 'inter‘-

328 3574 382 3618 itus
400 3578 435 3618 eat
453 3587 482 3617 ea
500 3577 625 3618 veneratio
642 3579 739 3628 nostra,
757 3589 833 3633 quam
850 3577 939 3632 mapnr'
955 3577 1094 3620 oeatiment'.

379 3709 383 3716 ι
429 3648 664 3704 ³NAEGanBAcn
688 3661 757 3703 reete
780 3658 907 3704 convertit
925 3655 980 3703 “dle
999 3660 1143 3716 Ehrsurrht
1160 3675 1205 3706 vor·
1222 3662 1419 3708 unantaatbaren

328 3737 451 3786 Rechterr“
479 3744 513 3800 lp.
537 3744 576 3801 86,
598 3742 624 3786 in
648 3743 834 3789 commentario
856 3742 933 3798 tacet)
952 3746 978 3788 et
996 3744 1115 3790 similiter
1132 3749 1192 3804 post
1210 3759 1270 3792 eum
1288 3747 1418 3793 11160016ν

328 3823 362 3879 lin
382 3823 483 3880 lexico).
519 3825 660 3884 Glrgetiam
678 3825 798 3872 Hansnn
817 3841 842 3886 p.
862 3827 918 3872 133.

429 3903 440 3932 ⁴
458 3909 502 3956 Gl'r
520 3911 598 3956 etiam
617 3890 747 3956 Ohosd41
767 3923 805 3969 sq.
823 3909 852 3958 τδ
870 3915 919 3958 πᾶν
938 3905 999 3970 Διὸς
1019 3908 1099 3976 σέβας
1117 3909 1304 3980 παρεκβάντος.

430 3986 439 4018 ⁵
458 3992 502 4038 Ofr
520 3995 553 4039 ad
571 3995 619 4040 424
638 3997 664 4039 et
682 3994 731 4039 435
749 3993 809 4040 Eur.
828 3995 882 4041 Ale.
901 3996 949 4042 203
968 4000 995 4042 et
1013 3999 1070 4044 196.

430 4070 440 4100 ⁶
458 4076 558 4123 (livium
576 4079 691 4125 dolorem
711 4079 834 4125 maiorem
853 4079 934 4126 fuisse
952 4080 1014 4126 dicit
1033 4080 1109 4142 (436),
1132 4082 1254 4127 nimirum
1273 4081 1333 4140 quia
1350 4080 1417 4135 luge·

328 4163 391 4208 bant
409 4161 514 4221 multos,
533 4162 610 4223 viros,
628 4165 752 4209 mortuos.

431 4238 439 4268 ⁷
459 4258 483 4303 p.
503 4247 559 4293 200.
