3146 5026
1208 449 1244 504 61

187 621 269 699 τάχα
282 614 303 692 ¹,
336 616 476 693 Fnauzro,
505 616 632 693 Pinum,
662 615 883 680 Scuuaronwmo
907 615 976 679 aliis
998 613 1142 696 probata,
1166 615 1291 678 admitti

186 716 326 800 potestt.
370 717 520 782 Fortasse
548 721 655 780 tamen
678 718 821 782 codicum
844 717 1034 799 scripturam
1055 739 1181 780 servare
1204 715 1290 794 licet,

187 819 215 882 si
237 841 346 883 versus
368 819 429 882 hoc
452 820 546 882 modo
569 819 794 900 distinguitur:'
810 817 881 881 ἀλλ’
905 816 970 881 ἐπεὶ
987 819 1087 888 δοκεῖς
1102 817 1178 892 τάδ’,
1195 816 1290 900 ἔρδειν

186 923 240 982 καὶ
262 921 358 998 λέγειν
381 923 481 1002 γνώσῃ
503 923 584 1002 τάχα
605 921 626 982 i.
651 943 676 982 e.
700 921 861 1005 ’quoniam
883 921 941 984 too
957 927 1058 1003 putas
1081 919 1137 1001 (sc.
1156 917 1291 982 Oresten

186 1021 344 1086 vindicem
370 1021 559 1084 exstiturum
581 1021 673 1103 esse),
702 1022 787 1084 treci
810 1022 913 1085 disces
934 1041 1027 1106 apere
1055 1021 1097 1102 (et
1117 1021 1139 1084 i.
1163 1019 1204 1102 e.)
1227 1041 1291 1084 αυα

186 1125 294 1188 mittas
327 1144 423 1206 qaum
456 1123 543 1206 toqui
576 1121 632 1204 (sc.
663 1127 791 1186 coactus
821 1126 853 1186 te
883 1126 993 1186 contra
1021 1143 1082 1199 me,
1112 1123 1139 1185 si
1160 1122 1291 1205 poteris,

188 1223 389 1306 defendere)'.
435 1217 518 1288 Tum
540 1221 635 1306 ἔρδειν
658 1226 711 1286 καὶ
733 1225 830 1304 λέγειν
853 1224 1006 1305 scriptum
1029 1229 1181 1306 essetpro
1195 1225 1292 1303 λέγειν

151 1375 152 1381 ,
186 1327 240 1387 καὶ
261 1324 356 1407 ἔρδειν
377 1331 413 1390 ut
435 1325 511 1389 Ant.
534 1327 594 1389 281
612 1324 702 1395 ἄνους
717 1347 748 1387 τε
764 1327 816 1387 καὶ
830 1329 923 1407 γέρων
939 1321 1005 1407 ἅμα
1019 1324 1179 1406 (Hausna).
1215 1325 1291 1400 Quae

188 1427 353 1490 conversio
376 1427 403 1490 si
426 1431 510 1490 stare
532 1431 679 1507 nequeat,
703 1427 866 1504 suaserim,
889 1431 924 1490 ut
947 1426 992 1490 sic
1014 1426 1186 1490 scribatur:

273 1541 344 1606 ἀλλ’
368 1541 433 1606 ἐπεὶ
455 1543 580 1613 δοκεῖς3
602 1543 678 1617 ταδ’,
703 1543 797 1626 ἔρδειν
820 1546 873 1605 καὶ
895 1545 993 1624 λέγειν
1015 1547 1115 1626 γνώσῃ
1138 1543 1209 1627 δίχα

188 1663 209 1726 i.
233 1685 259 1726 e.
282 1663 445 1747 ’octontuta
466 1662 651 1746 teupertus,
675 1661 769 1743 (ipse)
794 1683 958 1744 copaosoes
981 1665 1066 1726 iuter
1088 1663 1245 1746 spondam
1265 1669 1294 1725 et

188 1764 379 1847 toqucrtcdtrtt
402 1761 637 1844 (minitandum)
661 1763 832 1826 interesse'.
879 1761 933 1848 cfr
955 1761 1061 1826 Prom.
1086 1764 1156 1826 959.

291 1987 356 2052 Vv.
384 1989 586 2051 rest-58.

234 2101 366 2182 στείχετε
390 2097 416 2158 δ’
440 2093 467 2159 οἱ
489 2101 626 2179 γέροντες
647 2099 722 2179 πρὸς
745 2096 856 2180 δόμους
878 2101 1092 2180 τετρωμένους
1113 2096 1231 2171 τουσδε,

233 2201 298 2282 πρὶν
320 2201 431 2262 παθεῖν
454 2197 594 2281 ἔρξαντες
615 2203 735 2282 καιρόν·
760 2209 837 2284 χρῆν
860 2197 926 2260 τάδ’
949 2196 991 2268 ὡς
1013 2196 1195 2282 ἐπράξαμεν.

292 2334 379 2399 Inter
406 2335 477 2417 plus
507 2336 718 2418 quadraginta
741 2333 962 2399 coniecturas4
993 2335 1134 2398 edoctis
1157 2335 1233 2398 viris
1256 2337 1296 2399 ad

190 2437 249 2500 hos
279 2438 357 2501 duos
391 2441 556 2517 corruptos
591 2459 699 2500 versus
721 2437 862 2518 prolatas
892 2435 940 2500 illi
970 2435 1093 2500 Fnuuzrr
1116 2441 1296 2500 commento

192 2546 292 2621 στεῖχε
315 2539 367 2599 καὶ
390 2537 424 2598 σὺ
447 2533 498 2620 χοὶ
520 2540 657 2618 γέροντες
679 2538 734 2601 uni
755 2537 910 2601 maximos
933 2536 1061 2618 plausus
1076 2537 1298 2618 impertierunt
1325 2591 1327 2594 .

194 2638 330 2702 editores
344 2636 365 2701 ⁵.
411 2636 502 2712 Quod
523 2637 614 2700 valde
637 2637 745 2715 miror,
758 2661 822 2702 non
834 2638 918 2718 quod
931 2660 1001 2719 quae
1014 2638 1067 2702 alii
1081 2639 1298 2702 coniectarunt

297 2821 305 2851 ¹
323 2827 474 2872 HERMANN
485 2827 671 2885 interpretatus
686 2823 821 2885 “quoniam
838 2829 925 2884 factis,
937 2842 987 2874 nort
999 2829 1075 2874 dictis
1087 2825 1297 2887 ραρνταίαναοῇθ]

195 2911 297 2971 videres,
316 2913 404 2956 etati'm
423 2924 553 2969 copaoeces
571 2907 620 2942 —“
638 2904 700 2958 τάδε
719 2923 770 2956 non
788 2911 877 2969 vertit;
896 2912 1108 2958 Sofluutnuwnt
1125 2924 1231 2956 versum
1249 2910 1298 2956 hoc

170 3035 171 3039 ,
193 2995 271 3040 modo
289 2995 375 3040 reddit
393 2994 427 3054 (p.
449 2997 495 3042 195
514 2993 575 3054 eqd:
597 2991 682 3050 “Nurr,
700 2995 734 3040 cta-
752 2997 792 3040 da
810 2996 856 3040 den
876 2997 982 3041 Versata
1001 2996 1190 3051 bactriacen
1210 2995 1298 3040 tetrai-

194 3078 286 3136 bea(?),
313 3080 365 3124 unct
388 3080 457 3124 nicht
479 3081 525 3124 mit
549 3080 649 3124 Worten
671 3093 704 3124 αα
726 3076 904 3142 tetraptotam,
927 3093 954 3124 eo
977 3080 1050 3124 wirot
1068 3079 1102 3123 du
1120 3078 1179 3124 batt
1195 3079 1300 3135 peruatrr

194 3161 301 3218 werden,
320 3163 381 3208 dass
399 3163 465 3208 auct
482 3163 523 3208 ich
541 3177 590 3208 zur
613 3163 679 3208 ruat
698 3162 775 3207 berett
793 3159 860 3208 bin“.

298 3239 308 3269 ²
327 3246 387 3300 Qure
406 3245 449 3291 alii
467 3247 647 3304 excogitarunt
665 3259 870 3293 commemorare
889 3245 1056 3305 supersedeo.

298 3323 309 3354 ³
325 3329 372 3375 Vel
395 3331 483 3389 potius
510 3326 635 3389 λακεῖς
658 3325 714 3379 τάδ’
733 3331 792 3376 coll.
812 3331 877 3377 1617
897 3329 927 3379 σὺ
946 3333 1029 3378 ταῦτα
1048 3333 1151 3398 φωνεῖς,
1171 3332 1235 3378 1628
1254 3329 1300 3382 ναὶ

196 3417 279 3461 ταῦτα
306 3407 378 3481 τᾶπη
404 3411 465 3474 art,
492 3417 556 3461 1663
580 3409 703 3478 ἐκβαλεῖν
728 3409 780 3482 ἔπη
799 3417 917 3462 τοιαῦτα.
953 3409 1018 3460 Aet
1036 3408 1060 3461 A
1079 3416 1221 3474 saepissime
1240 3429 1299 3462 oon-

195 3495 380 3556 fuudebantur,
399 3501 477 3556 atque
495 3499 575 3544 etium
593 3499 688 3558 saepius
707 3493 733 3546 A
752 3500 778 3544 et
796 3493 825 3557 Ο,
848 3498 874 3542 id
893 3499 963 3557 quod
982 3512 1034 3544 non
1052 3499 1104 3545 vidi
1123 3501 1192 3559 apud
1210 3513 1299 3558 quem-

196 3578 274 3638 qua'm
293 3582 428 3629 monitum.
465 3582 510 3628 Ofr
527 3583 576 3628 hos
600 3583 722 3640 Aeschyli
748 3585 833 3632 locos:
860 3573 946 3631 Prom.
966 3587 1022 3646 486,
1042 3587 1098 3644 599,
1118 3587 1186 3644 976,
1211 3585 1300 3645 1034,

195 3665 266 3712 Pers.
287 3667 344 3726 363,
363 3667 420 3726 418,
441 3667 530 3727 1022,
549 3667 619 3726 Sept.
640 3669 710 3728 213,
730 3667 801 3730 533,
820 3672 889 3729 993,
909 3669 998 3730 Suppl.
1015 3671 1083 3730 130,
1102 3671 1159 3729 240,
1172 3669 1229 3728 323,
1243 3669 1300 3729 899,

198 3749 254 3808 ees,
279 3749 325 3806 Ag.
347 3751 417 3811 rae,
441 3751 515 3810 νοτε,
534 3751 625 3812 1472,
650 3753 722 3812 lese,
746 3751 809 3798 cho.
831 3753 1207 3814 126,4to,588,tot,1036,
1229 3753 1301 3811 rota,

158 3867 160 3870 .
196 3831 272 3880 Eum.
292 3834 348 3893 211,
369 3836 426 3881 993.
462 3835 561 3881 Harum
574 3834 720 3882 litterarum
732 3837 924 3895 permutatione
937 3837 1034 3883 multos
1047 3821 1118 3880 locos
1130 3835 1191 3880 licet
1200 3847 1300 3882 sanare.

196 3914 274 3961 Velut
292 3916 370 3975 Soph.
389 3918 418 3964 Ο.
436 3919 465 3966 R.
484 3931 589 3965 versum
608 3920 656 3966 938
675 3922 750 3968 ποῖον
769 3918 813 3975 (sc.
833 3915 905 3978 ἔπος)
919 3933 966 3980 pro
978 3914 1055 3968 ποίαν
1067 3918 1204 3965 scribendo
1214 3927 1300 3965 emen·

198 3999 374 4048 da1·icenseo¹

301 4079 312 4108 ⁴
330 4085 385 4132 vid.
405 4087 588 4134 Wucrturuu
607 4088 745 4148 Appendix
763 4099 789 4147 p.
808 4088 857 4134 904
875 4101 913 4146 sq.

300 4165 505 4231 ⁵Adripuerunt
522 4173 679 4233 Huauruu,
697 4173 840 4232 Drunonr,
854 4173 940 4232 an,
959 4173 1176 4233 scansionum,
1195 4174 1302 4234 Penus,

201 4255 312 4317 Eunus,
332 4255 769 4318 Kncr,ciaanur,wacrnn1u,
789 4257 838 4304 alii.
